%%
%% Arquivo de referências bibliográficas.
%%

@mastersthesis{souza:masterthesis07,
	title = {{FrameWeb: um M\'{e}todo baseado em Frameworks para o Projeto de Sistemas de Informa\c{c}\~{a}o Web}},
	author = {Souza, V\'{\i}tor E. S.},
	school = {{Universidade Federal do Espírito Santo}},
	year = {2007}
}

@incollection{souza-et-al:iism09,
	title = {{Designing Web Information Systems for a Framework-based Construction}},
	author = {Souza, V\'{\i}tor E. S. and Falbo, Ricardo A. and Guizzardi, Giancarlo},
	booktitle = {{Innovations in Information Systems Modeling: Methods and Best Practices}},
	chapter = {11},
	doi = {10.4018/978-1-60566-278-7},
	edition = {1},
	editor = {Halpin, Terry and Proper, Eric and Krogstie, John},
	isbn = {9781605662787},
	pages = {203--237},
	publisher = {IGI Global},
	url = {http://www.igi-global.com/reference/details.asp?id=33232},
	year = {2009}
}

@inproceedings{martins-souza:webmedia15,
	title = {{A Model-Driven Approach for the Design of Web Information Systems based on Frameworks}},
	author = {Martins, Beatriz F. and Souza, V\'{\i}tor E. S.},
	booktitle = {{Proc. of the 21st Brazilian Symposium on Multimedia and the Web (WebMedia 2015)}},
	pages = {41--48},
	address = {Manaus, AM, Brazil},
	doi = {10.1145/2820426.2820439},
	url = {http://dl.acm.org/citation.cfm?id=2820439},
	month = {oct},
	year = {2015}
}

@inproceedings{campos-souza:webmedia17,
	title = {{FrameWeb Editor: Uma Ferramenta CASE para suporte ao M{\'{e}}todo FrameWeb}},
	author = {Campos, Silas Louzada and Souza, V{\'{i}}tor E. S.},
	booktitle = {{Anais do 16º Workshop de Ferramentas e Aplica{\c{c}}{\~{o}}es, 23º Simp{\'{o}}sio Brasileiro de Sistemas Multimedia e Web (WFA/WebMedia 2017)}},
	address = {Gramado, RS, Brazil},
	pages = {199--203},
	publisher = {SBC},
	month = {oct},
	year = {2017}
}

@inproceedings{prado-souza:webmedia18,
	title = {{Securing FrameWeb: Supporting Role-based Access Control in a Framework-based Design Method forWeb Engineering}},
	author = {do Prado, Rodolfo Costa and Souza, V{\'{i}}tor E. S.},
	booktitle = {{Proc. of the 24th Brazilian Symposium on Multimedia and the Web (WebMedia 2018)}},
	pages = {(to appear)},
	publisher = {ACM},
	address = {Salvador, BA, Brazil},
	year = {2018}
}

@book{fowler:book02,
	title = {{Patterns of Enterprise Application Architecture}},
	author = {Fowler, Martin},
	edition = {1},
	isbn = {9780321127426},
	publisher = {Addison-Wesley},
	year = {2002}
}